@article{nipkow01,
	author = {Nipkow, Tobias},
	title = {More Church\&Ndash;Rosser Proofs},
	journal = {J. Autom. Reason.},
	issue_date = {January 2001},
	volume = {26},
	number = {1},
	month = jan,
	year = {2001},
	issn = {0168-7433},
	pages = {51--66},
	numpages = {16},
	url = {http://dx.doi.org/10.1023/A:1006496715975},
	doi = {10.1023/A:1006496715975},
	acmid = {594300},
	publisher = {Springer-Verlag New York, Inc.},
	address = {Secaucus, NJ, USA},
	keywords = {{\$\lambda\$}-calculus, Church--Rosser proof, theorem proving},
} 

@article{lamcoq,
	author = {Huet,GÃ©rard},
	title = {Residual theory in $\lambda$-calculus: a formal development},
	journal = {Journal of Functional Programming},
	volume = {4},
	issue = {03},
	month = {7},
	year = {1994},
	issn = {1469-7653},
	pages = {371--394},
	numpages = {24},
	doi = {10.1017/S0956796800001106},
	URL = {http://journals.cambridge.org/article_S0956796800001106},
}

@techreport{koprowski_coq,
	author       = {A.~Koprowski},
	title        = {Coq formalization of the Higher-Order Recursive Path Ordering},
	year         = {2006},
	month        = aug,
	institution  = tue,
	address      = {Eindhoven, The Netherlands},
	number       = {CSR-06-21},
}

@misc{agda,
	author = {Mazzoli, Francesco},
	title = {Agda by Example: $\lambda$-calculus},
	type = {Blog},
	month = {August},
	year = {2013},
	url = {http://mazzo.li/posts/Lambda.html}
}

@misc{agda2,
	author = {Sakaguchi, Kazuhiko},
	title = {A Formalization of Typed and Untyped $\lambda$-Calculi in SSReflect-Coq and Agda2},
	type = {Github},
	month = {January},
	year = {2012},
	url = {https://github.com/pi8027/lambda-calculus}
}

@inproceedings{wenzel99,
	author = {Wenzel, Markus},
	title = {Isar - A Generic Interpretative Approach to Readable Formal Proof Documents},
	booktitle = {Proceedings of the 12th International Conference on Theorem Proving in Higher Order Logics},
	series = {TPHOLs '99},
	year = {1999},
	isbn = {3-540-66463-7},
	pages = {167--184},
	numpages = {18},
	url = {http://dl.acm.org/citation.cfm?id=646526.694887},
	acmid = {694887},
	publisher = {Springer-Verlag},
	address = {London, UK, UK},
} 


@Article{robbins,
	author="Mccune, William",
	title="Solution of the Robbins Problem",
	journal="Journal of Automated Reasoning",
	volume="19",
	number="3",
	pages="263--276",
	year = {1997},
	abstract="In this article we show that the three equations known as commutativity,associativity, and the Robbins equation are a basis for the variety ofBoolean algebras. The problem was posed by Herbert Robbins in the 1930s. Theproof was found automatically by EQP, a theorem-proving program forequational logic. We present the proof and the search strategies thatenabled the program to find the proof.",
	issn="1573-0670",
	doi="10.1023/A:1005843212881",
	url="http://dx.doi.org/10.1023/A:1005843212881"
}

@article{salvati15,
	author    = {Sylvain Salvati and
	           Igor Walukiewicz},
	title     = {Using models to model-check recursive schemes},
	journal   = {Logical Methods in Computer Science},
	volume    = {11},
	number    = {2},
	year      = {2015},
	url       = {http://dx.doi.org/10.2168/LMCS-11(2:7)2015},
	doi       = {10.2168/LMCS-11(2:7)2015},
	timestamp = {Fri, 08 Jan 2016 11:09:20 +0100},
	biburl    = {http://dblp.uni-trier.de/rec/bib/journals/corr/SalvatiW15},
	bibsource = {dblp computer science bibliography, http://dblp.org}
}

@inproceedings{tsukada14,
	author = {Tsukada, Takeshi and Ong, C.-H. Luke},
	title = {Compositional Higher-order Model Checking via {\$\Omega\$}-regular Games over B\"{O}Hm Trees},
	booktitle = {Proceedings of the Joint Meeting of the Twenty-Third EACSL Annual Conference on Computer Science Logic (CSL) and the Twenty-Ninth Annual ACM/IEEE Symposium on Logic in Computer Science (LICS)},
	series = {CSL-LICS '14},
	year = {2014},
	isbn = {978-1-4503-2886-9},
	location = {Vienna, Austria},
	pages = {78:1--78:10},
	articleno = {78},
	numpages = {10},
	url = {http://doi.acm.org/10.1145/2603088.2603133},
	doi = {10.1145/2603088.2603133},
	acmid = {2603133},
	publisher = {ACM},
	address = {New York, NY, USA},
	keywords = {B\"{o}hm tree, game semantics, higher-order model checking, intersection type},
}

@INPROCEEDINGS{berghofer06,
    author = {Stefan Berghofer and Christian Urban},
    title = {A Head-to-Head Comparison of de Bruijn Indices and Names},
    booktitle = {IN PROC. INT. WORKSHOP ON LOGICAL FRAMEWORKS AND METALANGUAGES: THEORY AND PRACTICE},
    year = {2006},
    pages = {46--59},
    publisher = {}
}


@inproceedings{aydemir08,
 author = {Aydemir, Brian and Chargu{\'e}raud, Arthur and Pierce, Benjamin C. and Pollack, Randy and Weirich, Stephanie},
 title = {Engineering Formal Metatheory},
 booktitle = {Proceedings of the 35th Annual ACM SIGPLAN-SIGACT Symposium on Principles of Programming Languages},
 series = {POPL '08},
 year = {2008},
 isbn = {978-1-59593-689-9},
 location = {San Francisco, California, USA},
 pages = {3--15},
 numpages = {13},
 url = {http://doi.acm.org/10.1145/1328438.1328443},
 doi = {10.1145/1328438.1328443},
 acmid = {1328443},
 publisher = {ACM},
 address = {New York, NY, USA},
 keywords = {binding, coq, locally nameless},
} 