@article{nipkow01,
	author = {Nipkow, Tobias},
	title = {More Church\&Ndash;Rosser Proofs},
	journal = {J. Autom. Reason.},
	issue_date = {January 2001},
	volume = {26},
	number = {1},
	month = jan,
	year = {2001},
	issn = {0168-7433},
	pages = {51--66},
	numpages = {16},
	url = {http://dx.doi.org/10.1023/A:1006496715975},
	doi = {10.1023/A:1006496715975},
	acmid = {594300},
	publisher = {Springer-Verlag New York, Inc.},
	address = {Secaucus, NJ, USA},
	keywords = {{\$\lambda\$}-calculus, Church--Rosser proof, theorem proving},
} 

@article{lamcoq,
	author = {Huet,Gérard},
	title = {Residual theory in $\lambda$-calculus: a formal development},
	journal = {Journal of Functional Programming},
	volume = {4},
	issue = {03},
	month = {7},
	year = {1994},
	issn = {1469-7653},
	pages = {371--394},
	numpages = {24},
	doi = {10.1017/S0956796800001106},
	URL = {http://journals.cambridge.org/article_S0956796800001106},
}

@techreport{koprowski_coq,
	author       = {A.~Koprowski},
	title        = {Coq formalization of the Higher-Order Recursive Path Ordering},
	year         = {2006},
	month        = aug,
	institution  = tue,
	address      = {Eindhoven, The Netherlands},
	number       = {CSR-06-21},
}

@misc{agda,
	author = {Mazzoli, Francesco},
	title = {Agda by Example: $\lambda$-calculus},
	type = {Blog},
	month = {August},
	year = {2013},
	url = {http://mazzo.li/posts/Lambda.html}
}

@misc{agda2,
	author = {Sakaguchi, Kazuhiko},
	title = {A Formalization of Typed and Untyped $\lambda$-Calculi in SSReflect-Coq and Agda2},
	type = {Github},
	month = {January},
	year = {2012},
	url = {https://github.com/pi8027/lambda-calculus}
}

@inproceedings{wenzel99,
	author = {Wenzel, Markus},
	title = {Isar - A Generic Interpretative Approach to Readable Formal Proof Documents},
	booktitle = {Proceedings of the 12th International Conference on Theorem Proving in Higher Order Logics},
	series = {TPHOLs '99},
	year = {1999},
	isbn = {3-540-66463-7},
	pages = {167--184},
	numpages = {18},
	url = {http://dl.acm.org/citation.cfm?id=646526.694887},
	acmid = {694887},
	publisher = {Springer-Verlag},
	address = {London, UK, UK},
} 


@Article{robbins,
	author="Mccune, William",
	title="Solution of the Robbins Problem",
	journal="Journal of Automated Reasoning",
	volume="19",
	number="3",
	pages="263--276",
	year = {1997},
	abstract="In this article we show that the three equations known as commutativity,associativity, and the Robbins equation are a basis for the variety ofBoolean algebras. The problem was posed by Herbert Robbins in the 1930s. Theproof was found automatically by EQP, a theorem-proving program forequational logic. We present the proof and the search strategies thatenabled the program to find the proof.",
	issn="1573-0670",
	doi="10.1023/A:1005843212881",
	url="http://dx.doi.org/10.1023/A:1005843212881"
}

@article{salvati15,
	author    = {Sylvain Salvati and
	           Igor Walukiewicz},
	title     = {Using models to model-check recursive schemes},
	journal   = {Logical Methods in Computer Science},
	volume    = {11},
	number    = {2},
	year      = {2015},
	url       = {http://dx.doi.org/10.2168/LMCS-11(2:7)2015},
	doi       = {10.2168/LMCS-11(2:7)2015},
	timestamp = {Fri, 08 Jan 2016 11:09:20 +0100},
	biburl    = {http://dblp.uni-trier.de/rec/bib/journals/corr/SalvatiW15},
	bibsource = {dblp computer science bibliography, http://dblp.org}
}

@inproceedings{tsukada14,
	author = {Tsukada, Takeshi and Ong, C.-H. Luke},
	title = {Compositional Higher-order Model Checking via {\$\Omega\$}-regular Games over B\"{O}Hm Trees},
	booktitle = {Proceedings of the Joint Meeting of the Twenty-Third EACSL Annual Conference on Computer Science Logic (CSL) and the Twenty-Ninth Annual ACM/IEEE Symposium on Logic in Computer Science (LICS)},
	series = {CSL-LICS '14},
	year = {2014},
	isbn = {978-1-4503-2886-9},
	location = {Vienna, Austria},
	pages = {78:1--78:10},
	articleno = {78},
	numpages = {10},
	url = {http://doi.acm.org/10.1145/2603088.2603133},
	doi = {10.1145/2603088.2603133},
	acmid = {2603133},
	publisher = {ACM},
	address = {New York, NY, USA},
	keywords = {B\"{o}hm tree, game semantics, higher-order model checking, intersection type},
}

@inproceedings{berghofer06,
	author = {Stefan Berghofer and Christian Urban},
	title = {A Head-to-Head Comparison of de Bruijn Indices and Names},
	booktitle = {IN PROC. INT. WORKSHOP ON LOGICAL FRAMEWORKS AND METALANGUAGES: THEORY AND PRACTICE},
	year = {2006},
	pages = {46--59},
	publisher = {}
}


@inproceedings{aydemir08,
	author = {Aydemir, Brian and Chargu{\'e}raud, Arthur and Pierce, Benjamin C. and Pollack, Randy and Weirich, Stephanie},
	title = {Engineering Formal Metatheory},
	booktitle = {Proceedings of the 35th Annual ACM SIGPLAN-SIGACT Symposium on Principles of Programming Languages},
	series = {POPL '08},
	year = {2008},
	isbn = {978-1-59593-689-9},
	location = {San Francisco, California, USA},
	pages = {3--15},
	numpages = {13},
	url = {http://doi.acm.org/10.1145/1328438.1328443},
	doi = {10.1145/1328438.1328443},
	acmid = {1328443},
	publisher = {ACM},
	address = {New York, NY, USA},
	keywords = {binding, coq, locally nameless},
} 

@inproceedings{pfenning88,
	author = {Pfenning, F. and Elliott, C.},
	title = {Higher-order Abstract Syntax},
	booktitle = {Proceedings of the ACM SIGPLAN 1988 Conference on Programming Language Design and Implementation},
	series = {PLDI '88},
	year = {1988},
	isbn = {0-89791-269-1},
	location = {Atlanta, Georgia, USA},
	pages = {199--208},
	numpages = {10},
	url = {http://doi.acm.org/10.1145/53990.54010},
	doi = {10.1145/53990.54010},
	acmid = {54010},
	publisher = {ACM},
	address = {New York, NY, USA},
} 

@article{harper93,
	author = {Harper, Robert and Honsell, Furio and Plotkin, Gordon},
	title = {A Framework for Defining Logics},
	journal = {J. ACM},
	issue_date = {Jan. 1993},
	volume = {40},
	number = {1},
	month = jan,
	year = {1993},
	issn = {0004-5411},
	pages = {143--184},
	numpages = {42},
	url = {http://doi.acm.org/10.1145/138027.138060},
	doi = {10.1145/138027.138060},
	acmid = {138060},
	publisher = {ACM},
	address = {New York, NY, USA},
	keywords = {formal systems, interactive theorem proving, proof checking, typed lambda calculus}
} 


@Inbook{pfenning99,
	author="Pfenning, Frank
	and Sch{\"u}rmann, Carsten",
	chapter="System Description: Twelf --- A Meta-Logical Framework for Deductive Systems",
	title="Automated Deduction --- CADE-16: 16th International Conference on Automated Deduction Trento, Italy, July 7--10, 1999 Proceedings",
	year="1999",
	publisher="Springer Berlin Heidelberg",
	address="Berlin, Heidelberg",
	pages="202--206",
	isbn="978-3-540-48660-2",
	doi="10.1007/3-540-48660-7_14",
	url="http://dx.doi.org/10.1007/3-540-48660-7_14"
}

@inproceedings{polakow15,
	author = {Polakow, Jeff},
	title = {Embedding a Full Linear Lambda Calculus in Haskell},
	booktitle = {Proceedings of the 2015 ACM SIGPLAN Symposium on Haskell},
	series = {Haskell '15},
	year = {2015},
	isbn = {978-1-4503-3808-0},
	location = {Vancouver, BC, Canada},
	pages = {177--188},
	numpages = {12},
	url = {http://doi.acm.org/10.1145/2804302.2804309},
	doi = {10.1145/2804302.2804309},
	acmid = {2804309},
	publisher = {ACM},
	address = {New York, NY, USA},
	keywords = {domain specific language, higher-order abstract syntax, linear lambda calculus},
} 

@MISC{pollack95,
    author = {Robert Pollack},
    title = {Polishing Up the Tait-Martin-Löf Proof of the Church-Rosser Theorem},
    year = {1995}
}

@misc{shing-cheng,
	author = {Mu, Shin-Cheng},
	title = {Proving the Church-Rosser Theorem Using a Locally Nameless Representation},
	type = {Blog},
	month = {November},
	year = {2011},
	url = {http://www.iis.sinica.edu.tw/~scm/2011/proving-the-church-rosser-theorem}
}

@article{takahashi95,
	title = "Parallel Reductions in $\lambda$-Calculus",
	journal = "Information and Computation ",
	volume = "118",
	number = "1",
	pages = "120 - 127",
	year = "1995",
	issn = "0890-5401",
	url = "http://www.sciencedirect.com/science/article/pii/S0890540185710577",
	author = "M. Takahashi"
}

@article{kobayashi13,
	author = {Kobayashi, Naoki},
	title = {Model Checking Higher-Order Programs},
	journal = {J. ACM},
	issue_date = {June 2013},
	volume = {60},
	number = {3},
	month = jun,
	year = {2013},
	issn = {0004-5411},
	pages = {20:1--20:62},
	articleno = {20},
	numpages = {62},
	url = {http://doi.acm.org/10.1145/2487241.2487246},
	doi = {10.1145/2487241.2487246},
	acmid = {2487246},
	publisher = {ACM},
	address = {New York, NY, USA},
	keywords = {Type systems, higher-order recursion schemes, model checking},
} 

@article{ramsay14,
	author = {Ramsay, Steven J. and Neatherway, Robin P. and Ong, C.-H. Luke},
	title = {A Type-directed Abstraction Refinement Approach to Higher-order Model Checking},
	journal = {SIGPLAN Not.},
	issue_date = {January 2014},
	volume = {49},
	number = {1},
	month = jan,
	year = {2014},
	issn = {0362-1340},
	pages = {61--72},
	numpages = {12},
	url = {http://doi.acm.org/10.1145/2578855.2535873},
	doi = {10.1145/2578855.2535873},
	acmid = {2535873},
	publisher = {ACM},
	address = {New York, NY, USA},
	keywords = {abstraction refinement, higher-order model checking, intersection types},
} 

@inbook{aydemir05,
	author="Aydemir, Brian E.
	and Bohannon, Aaron
	and Fairbairn, Matthew
	and Foster, J. Nathan
	and Pierce, Benjamin C.
	and Sewell, Peter
	and Vytiniotis, Dimitrios
	and Washburn, Geoffrey
	and Weirich, Stephanie
	and Zdancewic, Steve",
	editor="Hurd, Joe
	and Melham, Tom",
	title="Mechanized Metatheory for the Masses: The PoplMark Challenge",
	bookTitle="Theorem Proving in Higher Order Logics: 18th International Conference, TPHOLs 2005, Oxford, UK, August 22-25, 2005. Proceedings",
	year="2005",
	publisher="Springer Berlin Heidelberg",
	address="Berlin, Heidelberg",
	pages="50--65",
	isbn="978-3-540-31820-0",
	doi="10.1007/11541868_4",
	url="http://dx.doi.org/10.1007/11541868_4"
}

@misc{bakel,
	author        = {Steffen van Bakel},
	title         = {Semantics with Intersection Types},
	month         = {April},
	year          = {2003},
	URL           = "http://www.doc.ic.ac.uk/~svb/SemIntTypes/Notes.pdf"
}

@book{barendregt13,
	author = {Barendregt, Henk and Dekkers, Wil and Statman, Richard},
	title = {Lambda Calculus with Types},
	year = {2013},
	isbn = {0521766141, 9780521766142},
	publisher = {Cambridge University Press},
	address = {New York, NY, USA},
}

@inproceedings{ong06,
	author = {Ong, C.-H. L.},
	title = {On Model-Checking Trees Generated by Higher-Order Recursion Schemes},
	booktitle = {Proceedings of the 21st Annual IEEE Symposium on Logic in Computer Science},
	series = {LICS '06},
	year = {2006},
	isbn = {0-7695-2631-4},
	pages = {81--90},
	numpages = {10},
	url = {http://dx.doi.org/10.1109/LICS.2006.38},
	doi = {10.1109/LICS.2006.38},
	acmid = {1158045},
	publisher = {IEEE Computer Society},
	address = {Washington, DC, USA},
}

@inproceedings{clairambault13,
	author    = {Pierre Clairambault and
	           Andrzej S. Murawski},
	title     = {B{\"{o}}hm Trees as Higher-Order Recursive Schemes},
	booktitle = {{IARCS} Annual Conference on Foundations of Software Technology and
	           Theoretical Computer Science, {FSTTCS} 2013, December 12-14, 2013,
	           Guwahati, India},
	pages     = {91--102},
	year      = {2013},
	crossref  = {DBLP:conf/fsttcs/2013},
	url       = {http://dx.doi.org/10.4230/LIPIcs.FSTTCS.2013.91},
	doi       = {10.4230/LIPIcs.FSTTCS.2013.91},
	timestamp = {Wed, 11 Dec 2013 14:48:09 +0100},
	biburl    = {http://dblp.uni-trier.de/rec/bib/conf/fsttcs/ClairambaultM13},
	bibsource = {dblp computer science bibliography, http://dblp.org}
}

@inproceedings{kobayashi09,
	author = {Kobayashi, Naoki},
	title = {Types and Higher-order Recursion Schemes for Verification of Higher-order Programs},
	booktitle = {Proceedings of the 36th Annual ACM SIGPLAN-SIGACT Symposium on Principles of Programming Languages},
	series = {POPL '09},
	year = {2009},
	isbn = {978-1-60558-379-2},
	location = {Savannah, GA, USA},
	pages = {416--428},
	numpages = {13},
	url = {http://doi.acm.org/10.1145/1480881.1480933},
	doi = {10.1145/1480881.1480933},
	acmid = {1480933},
	publisher = {ACM},
	address = {New York, NY, USA},
	keywords = {higher-order recursion scheme, model checking, type system},
} 
